@online{1,
  author =       "A. Makhorin ",
  title =        "GNU Linear Programming Kit Reference Manual for GLPK Version 4.65",
  year =         "last visited: 22/11/2020 ",
  url =          "https://www.gnu.org/software/glpk/#TOCdocumentation",
}